<record><leader>00000cas a22000007a 4500</leader><controlfield tag="001">10125349</controlfield><controlfield tag="008">831114d198u2012txuwn ne      0   a0eng d</controlfield><datafield ind1=" " ind2=" " tag="010"><subfield code="a">sn 83003228 </subfield></datafield><datafield ind1=" " ind2=" " tag="040"><subfield code="a">NSD</subfield><subfield code="b">eng</subfield><subfield code="c">NSD</subfield><subfield code="d">OCL</subfield><subfield code="d">NSD</subfield><subfield code="d">OCLCQ</subfield><subfield code="d">DLC</subfield><subfield code="d">OCLCQ</subfield></datafield><datafield ind1=" " ind2=" " tag="012"><subfield code="m">d</subfield></datafield><datafield ind1="1" ind2=" " tag="022"><subfield code="a">0746-5459</subfield><subfield code="l">0746-5459</subfield><subfield code="2">1</subfield></datafield><datafield ind1=" " ind2=" " tag="037"><subfield code="b">Texan Express, PO Box 1, Goliad, Tex. 77963</subfield></datafield><datafield ind1=" " ind2=" " tag="042"><subfield code="a">nsdp</subfield></datafield><datafield ind1=" " ind2="4" tag="222"><subfield code="a">The Texan express</subfield></datafield><datafield ind1="0" ind2="4" tag="245"><subfield code="a">The Texan express.</subfield></datafield><datafield ind1=" " ind2=" " tag="260"><subfield code="a">[Goliad, Tex.] :</subfield><subfield code="b">C.R. "Charlie" Faupel</subfield></datafield><datafield ind1=" " ind2=" " tag="310"><subfield code="a">Weekly (except Christmas)</subfield></datafield><datafield ind1=" " ind2=" " tag="588"><subfield code="a">Description based on: Vol. 1, no. 2 (Sept. 14, 1983).</subfield></datafield><datafield ind1=" " ind2=" " tag="752"><subfield code="a">United States</subfield><subfield code="b">Texas</subfield><subfield code="c">Goliad</subfield><subfield code="d">Goliad.</subfield></datafield><datafield ind1="0" ind2="0" tag="785"><subfield code="t">Goliad advance-guard (2012)</subfield><subfield code="x">2168-7129</subfield><subfield code="w">(DLC)  2012203345</subfield><subfield code="w">(OCoLC)798930568</subfield></datafield><datafield ind1=" " ind2=" " tag="936"><subfield code="a">Sept. 28, 1983</subfield></datafield></record>